00589cas a22002291a 4500
001 999290403502836
003 Nz
005 20161223153005.0
008 040105d19861986nz  r ne      0   0 eng d
035    $a (NLNZils)929040
035    $a (Nz)8157035
035    $a (NLNZils)929040-ilsdb
035    $a (OCoLC)173421493
040    $a WN $c WN
042    $a nznb
043    $a u-nz---
245 00 $a Hornby herald.
260    $a [Christchurch, N.Z. : $b s.n., $c 1986]
310    $a Weekly
362 0  $a 1986 Oct.30-Dec.
651  0 $a Christchurch (N.Z.) $v Newspapers.
655  7 $a New Zealand newspapers. $2 local $5 Nz
